<record><leader>00000cas a2200000 a 4500</leader><controlfield tag="001">71225077</controlfield><controlfield tag="008">060831d19uu19uucauwr ne      0    0eng c</controlfield><datafield ind1=" " ind2=" " tag="010"><subfield code="a">sn2006060132</subfield></datafield><datafield ind1=" " ind2=" " tag="040"><subfield code="a">CNK</subfield><subfield code="b">eng</subfield><subfield code="c">CNK</subfield><subfield code="d">CNK</subfield><subfield code="d">OCLCQ</subfield><subfield code="d">OCLCF</subfield><subfield code="d">OCLCO</subfield></datafield><datafield ind1=" " ind2=" " tag="042"><subfield code="a">pcc</subfield></datafield><datafield ind1=" " ind2=" " tag="043"><subfield code="a">n-us-ca</subfield></datafield><datafield ind1="0" ind2=" " tag="130"><subfield code="a">Modesto tribune (Modesto, Calif. : Shopping guide ed.)</subfield></datafield><datafield ind1="1" ind2="4" tag="245"><subfield code="a">The Modesto tribune.</subfield></datafield><datafield ind1=" " ind2=" " tag="250"><subfield code="a">Shopping guide ed.</subfield></datafield><datafield ind1=" " ind2=" " tag="260"><subfield code="a">Modesto, Calif. :</subfield><subfield code="b">Benj. J. Kimber</subfield></datafield><datafield ind1=" " ind2=" " tag="300"><subfield code="a">v.</subfield></datafield><datafield ind1=" " ind2=" " tag="310"><subfield code="a">Weekly</subfield></datafield><datafield ind1=" " ind2=" " tag="515"><subfield code="a">Vol. and numbering changes from v. 22, no. 47 to v. 1, no. 4 with Dec. 4, 1947.</subfield></datafield><datafield ind1=" " ind2=" " tag="530"><subfield code="a">Master negatives are available for duplication from:</subfield><subfield code="b">California Newspaper Microfilm Archive;</subfield><subfield code="c">positive copies may be purchased by the reel; for further information consult the CNMA at:</subfield><subfield code="u">http://cbsr.ucr.edu</subfield></datafield><datafield ind1=" " ind2=" " tag="588"><subfield code="a">Description based on: Vol. 22, no. 44 (Nov. 6, 1947).</subfield></datafield><datafield ind1=" " ind2="0" tag="651"><subfield code="a">Modesto (Calif.)</subfield><subfield code="v">Newspapers.</subfield></datafield><datafield ind1=" " ind2="7" tag="655"><subfield code="a">Newspapers.</subfield><subfield code="2">fast</subfield><subfield code="0">(OCoLC)fst01423814</subfield></datafield><datafield ind1=" " ind2="7" tag="651"><subfield code="a">California</subfield><subfield code="z">Modesto.</subfield><subfield code="2">fast</subfield><subfield code="0">(OCoLC)fst01207077</subfield></datafield><datafield ind1=" " ind2=" " tag="752"><subfield code="a">United States</subfield><subfield code="b">California</subfield><subfield code="c">Stanislaus</subfield><subfield code="d">Modesto.</subfield></datafield><datafield ind1="0" ind2=" " tag="775"><subfield code="t">Modesto tribune</subfield><subfield code="w">(DLC)sn 92069490</subfield></datafield></record>